%YAML 1.1
%TAG !u! tag:unity3d.com,2011:
--- !u!1 &5123383285538469970
GameObject:
  m_ObjectHideFlags: 0
  m_CorrespondingSourceObject: {fileID: 0}
  m_PrefabInstance: {fileID: 0}
  m_PrefabAsset: {fileID: 0}
  serializedVersion: 6
  m_Component:
  - component: {fileID: 5123383285538469980}
  - component: {fileID: 5123383285538469982}
  - component: {fileID: 5123383285538469968}
  - component: {fileID: 5123383285538469969}
  - component: {fileID: 382880712}
  - component: {fileID: 5937420647541122317}
  - component: {fileID: 57103978636048359}
  - component: {fileID: -9130606128119889168}
  - component: {fileID: 1774121987}
  - component: {fileID: -3302045490288218350}
  - component: {fileID: -1062388644354169396}
  - component: {fileID: 340558433860670080}
  - component: {fileID: 3020397014014117234}
  m_Layer: 0
  m_Name: Character
  m_TagString: Player
  m_Icon: {fileID: 0}
  m_NavMeshLayer: 0
  m_StaticEditorFlags: 0
  m_IsActive: 1
--- !u!4 &5123383285538469980
Transform:
  m_ObjectHideFlags: 0
  m_CorrespondingSourceObject: {fileID: 0}
  m_PrefabInstance: {fileID: 0}
  m_PrefabAsset: {fileID: 0}
  m_GameObject: {fileID: 5123383285538469970}
  m_LocalRotation: {x: 0, y: 0, z: 0, w: 1}
  m_LocalPosition: {x: 0, y: 1.083, z: 0}
  m_LocalScale: {x: 1, y: 1, z: 1}
  m_Children:
  - {fileID: 5969121846104193128}
  m_Father: {fileID: 0}
  m_RootOrder: 0
  m_LocalEulerAnglesHint: {x: 0, y: 0, z: 0}
--- !u!23 &5123383285538469982
MeshRenderer:
  m_ObjectHideFlags: 0
  m_CorrespondingSourceObject: {fileID: 0}
  m_PrefabInstance: {fileID: 0}
  m_PrefabAsset: {fileID: 0}
  m_GameObject: {fileID: 5123383285538469970}
  m_Enabled: 1
  m_CastShadows: 1
  m_ReceiveShadows: 1
  m_DynamicOccludee: 1
  m_MotionVectors: 1
  m_LightProbeUsage: 1
  m_ReflectionProbeUsage: 1
  m_RenderingLayerMask: 1
  m_RendererPriority: 0
  m_Materials:
  - {fileID: 10303, guid: 0000000000000000f000000000000000, type: 0}
  m_StaticBatchInfo:
    firstSubMesh: 0
    subMeshCount: 0
  m_StaticBatchRoot: {fileID: 0}
  m_ProbeAnchor: {fileID: 0}
  m_LightProbeVolumeOverride: {fileID: 0}
  m_ScaleInLightmap: 1
  m_ReceiveGI: 1
  m_PreserveUVs: 0
  m_IgnoreNormalsForChartDetection: 0
  m_ImportantGI: 0
  m_StitchLightmapSeams: 1
  m_SelectedEditorRenderState: 3
  m_MinimumChartSize: 4
  m_AutoUVMaxDistance: 0.5
  m_AutoUVMaxAngle: 89
  m_LightmapParameters: {fileID: 0}
  m_SortingLayerID: 0
  m_SortingLayer: 0
  m_SortingOrder: 0
--- !u!114 &5123383285538469968
MonoBehaviour:
  m_ObjectHideFlags: 0
  m_CorrespondingSourceObject: {fileID: 0}
  m_PrefabInstance: {fileID: 0}
  m_PrefabAsset: {fileID: 0}
  m_GameObject: {fileID: 5123383285538469970}
  m_Enabled: 1
  m_EditorHideFlags: 0
  m_Script: {fileID: 11500000, guid: 3e9a24c6ffab88a49ba436afc21d41c4, type: 3}
  m_Name: 
  m_EditorClassIdentifier: 
  target: {fileID: 0}
  maxSpeed: 4
--- !u!195 &5123383285538469969
NavMeshAgent:
  m_ObjectHideFlags: 0
  m_CorrespondingSourceObject: {fileID: 0}
  m_PrefabInstance: {fileID: 0}
  m_PrefabAsset: {fileID: 0}
  m_GameObject: {fileID: 5123383285538469970}
  m_Enabled: 1
  m_AgentTypeID: 0
  m_Radius: 0.3
  m_Speed: 5.66
  m_Acceleration: 50
  avoidancePriority: 50
  m_AngularSpeed: 5000
  m_StoppingDistance: 0
  m_AutoTraverseOffMeshLink: 1
  m_AutoBraking: 1
  m_AutoRepath: 1
  m_Height: 2
  m_BaseOffset: 0
  m_WalkableMask: 4294967295
  m_ObstacleAvoidanceType: 4
--- !u!95 &382880712
Animator:
  serializedVersion: 3
  m_ObjectHideFlags: 0
  m_CorrespondingSourceObject: {fileID: 0}
  m_PrefabInstance: {fileID: 0}
  m_PrefabAsset: {fileID: 0}
  m_GameObject: {fileID: 5123383285538469970}
  m_Enabled: 1
  m_Avatar: {fileID: 9000000, guid: d288a0e4a2d923b46898986e979da643, type: 3}
  m_Controller: {fileID: 9100000, guid: d7e9316e29e749f4f863ea8c0422b8f1, type: 2}
  m_CullingMode: 0
  m_UpdateMode: 0
  m_ApplyRootMotion: 0
  m_LinearVelocityBlending: 0
  m_WarningMessage: 
  m_HasTransformHierarchy: 1
  m_AllowConstantClipSamplingOptimization: 1
  m_KeepAnimatorControllerStateOnDisable: 0
--- !u!114 &5937420647541122317
MonoBehaviour:
  m_ObjectHideFlags: 0
  m_CorrespondingSourceObject: {fileID: 0}
  m_PrefabInstance: {fileID: 0}
  m_PrefabAsset: {fileID: 0}
  m_GameObject: {fileID: 5123383285538469970}
  m_Enabled: 1
  m_EditorHideFlags: 0
  m_Script: {fileID: 11500000, guid: 628346e855291c74290a7f21ec674487, type: 3}
  m_Name: 
  m_EditorClassIdentifier: 
  timeBetweenAttacks: 1
  rightHandTransform: {fileID: 0}
  leftHandTransform: {fileID: 0}
  defaultWeapon: {fileID: 0}
--- !u!114 &57103978636048359
MonoBehaviour:
  m_ObjectHideFlags: 0
  m_CorrespondingSourceObject: {fileID: 0}
  m_PrefabInstance: {fileID: 0}
  m_PrefabAsset: {fileID: 0}
  m_GameObject: {fileID: 5123383285538469970}
  m_Enabled: 1
  m_EditorHideFlags: 0
  m_Script: {fileID: 11500000, guid: 69d0ed1965f0e84438244f1c6f26fa22, type: 3}
  m_Name: 
  m_EditorClassIdentifier: 
--- !u!114 &-9130606128119889168
MonoBehaviour:
  m_ObjectHideFlags: 0
  m_CorrespondingSourceObject: {fileID: 0}
  m_PrefabInstance: {fileID: 0}
  m_PrefabAsset: {fileID: 0}
  m_GameObject: {fileID: 5123383285538469970}
  m_Enabled: 1
  m_EditorHideFlags: 0
  m_Script: {fileID: 11500000, guid: 652bc59431495294289e4faedfabc300, type: 3}
  m_Name: 
  m_EditorClassIdentifier: 
  regenerationPercentage: 70
  takeDamage:
    m_PersistentCalls:
      m_Calls:
      - m_Target: {fileID: 986762162357239790}
        m_MethodName: Spawn
        m_Mode: 0
        m_Arguments:
          m_ObjectArgument: {fileID: 0}
          m_ObjectArgumentAssemblyTypeName: UnityEngine.Object, UnityEngine
          m_IntArgument: 0
          m_FloatArgument: 13
          m_StringArgument: 
          m_BoolArgument: 0
        m_CallState: 2
--- !u!136 &1774121987
CapsuleCollider:
  m_ObjectHideFlags: 0
  m_CorrespondingSourceObject: {fileID: 0}
  m_PrefabInstance: {fileID: 0}
  m_PrefabAsset: {fileID: 0}
  m_GameObject: {fileID: 5123383285538469970}
  m_Material: {fileID: 0}
  m_IsTrigger: 0
  m_Enabled: 1
  m_Radius: 0.5
  m_Height: 2
  m_Direction: 1
  m_Center: {x: 0, y: 1.07, z: 0}
--- !u!114 &-3302045490288218350
MonoBehaviour:
  m_ObjectHideFlags: 0
  m_CorrespondingSourceObject: {fileID: 0}
  m_PrefabInstance: {fileID: 0}
  m_PrefabAsset: {fileID: 0}
  m_GameObject: {fileID: 5123383285538469970}
  m_Enabled: 1
  m_EditorHideFlags: 0
  m_Script: {fileID: 11500000, guid: 3ea9374b509b70f4bba37e4a2ca8cf00, type: 3}
  m_Name: 
  m_EditorClassIdentifier: 
  uniqueIdentifier: player
--- !u!114 &-1062388644354169396
MonoBehaviour:
  m_ObjectHideFlags: 0
  m_CorrespondingSourceObject: {fileID: 0}
  m_PrefabInstance: {fileID: 0}
  m_PrefabAsset: {fileID: 0}
  m_GameObject: {fileID: 5123383285538469970}
  m_Enabled: 1
  m_EditorHideFlags: 0
  m_Script: {fileID: 11500000, guid: 667d4967a801ada4c9773f6687e98816, type: 3}
  m_Name: 
  m_EditorClassIdentifier: 
  cursorMappings: []
  maxNavMeshProjectionDistance: 1
  maxNavPathLength: 40
--- !u!54 &340558433860670080
Rigidbody:
  m_ObjectHideFlags: 0
  m_CorrespondingSourceObject: {fileID: 0}
  m_PrefabInstance: {fileID: 0}
  m_PrefabAsset: {fileID: 0}
  m_GameObject: {fileID: 5123383285538469970}
  serializedVersion: 2
  m_Mass: 1
  m_Drag: 0
  m_AngularDrag: 0.05
  m_UseGravity: 0
  m_IsKinematic: 0
  m_Interpolate: 0
  m_Constraints: 0
  m_CollisionDetection: 0
--- !u!114 &3020397014014117234
MonoBehaviour:
  m_ObjectHideFlags: 0
  m_CorrespondingSourceObject: {fileID: 0}
  m_PrefabInstance: {fileID: 0}
  m_PrefabAsset: {fileID: 0}
  m_GameObject: {fileID: 5123383285538469970}
  m_Enabled: 1
  m_EditorHideFlags: 0
  m_Script: {fileID: 11500000, guid: 6d6cc5e8bcac00f46a48c1829bcfdb17, type: 3}
  m_Name: 
  m_EditorClassIdentifier: 
  startingLevel: 1
  characterClass: 1
  progression: {fileID: 11400000, guid: 646298938280c6540b7c9770d48c01eb, type: 2}
  levelUpParticleEffect: {fileID: 0}
  shouldUseModifiers: 0
--- !u!1001 &7251583621290631720
PrefabInstance:
  m_ObjectHideFlags: 0
  serializedVersion: 2
  m_Modification:
    m_TransformParent: {fileID: 5123383285538469980}
    m_Modifications:
    - target: {fileID: 3923858290798352960, guid: 4768319f646fb844c9584764defc9086,
        type: 3}
      propertyPath: m_LocalPosition.x
      value: 0
      objectReference: {fileID: 0}
    - target: {fileID: 3923858290798352960, guid: 4768319f646fb844c9584764defc9086,
        type: 3}
      propertyPath: m_LocalPosition.y
      value: 0
      objectReference: {fileID: 0}
    - target: {fileID: 3923858290798352960, guid: 4768319f646fb844c9584764defc9086,
        type: 3}
      propertyPath: m_LocalPosition.z
      value: 0
      objectReference: {fileID: 0}
    - target: {fileID: 3923858290798352960, guid: 4768319f646fb844c9584764defc9086,
        type: 3}
      propertyPath: m_LocalRotation.x
      value: 0
      objectReference: {fileID: 0}
    - target: {fileID: 3923858290798352960, guid: 4768319f646fb844c9584764defc9086,
        type: 3}
      propertyPath: m_LocalRotation.y
      value: 0
      objectReference: {fileID: 0}
    - target: {fileID: 3923858290798352960, guid: 4768319f646fb844c9584764defc9086,
        type: 3}
      propertyPath: m_LocalRotation.z
      value: 0
      objectReference: {fileID: 0}
    - target: {fileID: 3923858290798352960, guid: 4768319f646fb844c9584764defc9086,
        type: 3}
      propertyPath: m_LocalRotation.w
      value: 1
      objectReference: {fileID: 0}
    - target: {fileID: 3923858290798352960, guid: 4768319f646fb844c9584764defc9086,
        type: 3}
      propertyPath: m_RootOrder
      value: 0
      objectReference: {fileID: 0}
    - target: {fileID: 3923858290798352960, guid: 4768319f646fb844c9584764defc9086,
        type: 3}
      propertyPath: m_LocalEulerAnglesHint.x
      value: 0
      objectReference: {fileID: 0}
    - target: {fileID: 3923858290798352960, guid: 4768319f646fb844c9584764defc9086,
        type: 3}
      propertyPath: m_LocalEulerAnglesHint.y
      value: 0
      objectReference: {fileID: 0}
    - target: {fileID: 3923858290798352960, guid: 4768319f646fb844c9584764defc9086,
        type: 3}
      propertyPath: m_LocalEulerAnglesHint.z
      value: 0
      objectReference: {fileID: 0}
    - target: {fileID: 5059515654183553063, guid: 4768319f646fb844c9584764defc9086,
        type: 3}
      propertyPath: m_Name
      value: DamageTextSpawner
      objectReference: {fileID: 0}
    m_RemovedComponents: []
  m_SourcePrefab: {fileID: 100100000, guid: 4768319f646fb844c9584764defc9086, type: 3}
--- !u!4 &5969121846104193128 stripped
Transform:
  m_CorrespondingSourceObject: {fileID: 3923858290798352960, guid: 4768319f646fb844c9584764defc9086,
    type: 3}
  m_PrefabInstance: {fileID: 7251583621290631720}
  m_PrefabAsset: {fileID: 0}
--- !u!114 &986762162357239790 stripped
MonoBehaviour:
  m_CorrespondingSourceObject: {fileID: 7571503251259448774, guid: 4768319f646fb844c9584764defc9086,
    type: 3}
  m_PrefabInstance: {fileID: 7251583621290631720}
  m_PrefabAsset: {fileID: 0}
  m_GameObject: {fileID: 0}
  m_Enabled: 1
  m_EditorHideFlags: 0
  m_Script: {fileID: 11500000, guid: 8d0255bfd47114140b1734bac3aca171, type: 3}
  m_Name: 
  m_EditorClassIdentifier: 
